@online{rae.gtg,
    author = {{Real Academia Española and Asociación de Academias de la Lengua Española}},
    title = {Glosario de términos gramaticales},
    version = {1.0},
    url = {https://www.rae.es/gtg/morfema},
    urldate = {2024-12-31}
}
```