@online{rae.diccionario,
  author    = {Real Academia Española}
  , title     = {Diccionario de la lengua española}
  , edition   = {23}
  , version   = {23.8 en línea}
  , year = 2014
  , url       = {https://dle.rae.es}
  , urldate   = {2024-12-29}
}

@online{ wikipedia.es.sistemadeterminista,
       author = "Wikipedia",
       title = "Sistema determinista --- Wikipedia{,} La enciclopedia libre",
       year = "2022",
       url = "https://es.wikipedia.org/w/index.php?title=Sistema_determinista&oldid=145566341",
       urldate = {2024-12-26}
}

@misc{ wikipedia.es.lenguanatural,
       author = "Wikipedia",
       title = "Lengua natural --- Wikipedia{,} La enciclopedia libre",
       year = "2024",
       url = "https://es.wikipedia.org/w/index.php?title=Lengua_natural&oldid=162928152",
       urldate = {2024-12-24}
}

  @misc{ wikipedia.en.ngram,
    author = "{Wikipedia contributors}",
    title = "N-gram --- {Wikipedia}{,} The Free Encyclopedia",
    year = "2024",
    url = "https://en.wikipedia.org/w/index.php?title=N-gram&oldid=1262598131",
    urldate = {2024-12-27}
  }

@unpublished{diapos1,
    author = {Óscar Alberto Gru}
    ,title = {Diapositivas de introducción al lenguaje natural parte 2}
    ,note={}
}

@online{ eswiki:159789898,
       author = "Wikipedia",
       title = "Categoría gramatical --- Wikipedia{,} La enciclopedia libre",
       year = "2024",
       url = "https://es.wikipedia.org/w/index.php?title=Categor%C3%ADa_gramatical&oldid=159789898",
       urldate = {2024-12-29}
}

