@article{SCHANK1972552,
title = {Conceptual dependency: A theory of natural language understanding},
journal = {Cognitive Psychology},
volume = {3},
number = {4},
pages = {552-631},
year = {1972},
issn = {0010-0285},
doi = {https://doi.org/10.1016/0010-0285(72)90022-9},
url = {https://www.sciencedirect.com/science/article/pii/0010028572900229},
author = {Roger C. Schank}
}
@inproceedings{Fillmore1985FramesAT,
    title={Frames and the semantics of understanding},
    booktitle={Frames and the semantics of understanding},
    author={Charles J. Fillmore},
    year={1985},
    url={https://api.semanticscholar.org/CorpusID:60712156}
}

@misc{feng2007ontology,
  title={Ontology engineering and its application},
  author={Feng, Zh Y and Li, WJ and Li, Xiaohong},
  year={2007},
  publisher={Tsinghua University Press Beijing}
}

@book{Daniel.AOS,
    author = {Vanderveken, Daniel},
    title = {Meaning and speech acts: principles of language use (vol. 1)},
    year = {1990},
    isbn = {0521374154},
    publisher = {Cambridge University Press},
    address = {USA}
}

      

