@misc{ibm_pos,
    title = {What Are Stemming and Lemmatization},
    url = {https://www.ibm.com/topics/stemming-lemmatization},
    Note = {Stemming and lemmatization are text preprocessing techniques in natural language processing (NLP).},
    year = {2023},
    language = {en}
    }

@misc{enunciado,
author={Ruíz,Ruíz, Rocío},
title={Enunciados para el preprocesamiento},
}

@book{Dovstoyevski.theidiot,
  title={The Idiot},
  author={Dostoyevsky, F. and Myers, A.},
  isbn={9780192834119},
  lccn={91029143},
  series={Oxford world's classics},
  url={https://books.google.es/books?id=5fyuj9x9UZIC},
  year={1998},
  publisher={Oxford University Press}
}

@book{bird2009natural,
  title={Natural language processing with Python: analyzing text with the natural language toolkit},
  author={Bird, Steven and Klein, Ewan and Loper, Edward},
  year={2009},
  publisher={" O'Reilly Media, Inc."}
}

@misc{textblobdocs,
title={TextBlob: Simplified Text Processing — TextBlob 0.18.0.post0 documentation},
url={https://textblob.readthedocs.io/en/dev/},
}
@misc{spacydocs,
title={Library Architecture: SpaCy API Documentation},
url={https://spacy.io/api/},
}

@misc{gensimdocs,
title={GenSim: Documentation},
url={https://radimrehurek.com/gensim/auto_examples/index.html#},
}

@misc{spacy.cython,
title={Cython: SpaCy API Documentation},
url={https://spacy.io/api/cython},
}

@software{marcelo.implementaciones,
    title = {title},
    date = {date},
}


